% This file was created with JabRef 2.10.
% Encoding: Cp1250


@Article{litman2014autonomous,
  Title                    = {Autonomous Vehicle Implementation Predictions},
  Author                   = {Litman, Todd},
  Journal                  = {Victoria Transport Policy Institute},
  Year                     = {2014},
  Volume                   = {28}
}

@Article{parkin2016understanding,
  Title                    = {Understanding interactions between autonomous vehicles and other road users: A literature review},
  Author                   = {Parkin, John and Clark, Ben and Clayton, William and Ricci, Miriam and Parkhurst, Graham},
  Year                     = {2016},

  Publisher                = {University of the West of England}
}

@Article{risser1985behavior,
  Title                    = {Behavior in traffic conflict situations},
  Author                   = {Risser, Ralf},
  Journal                  = {Accident Analysis \& Prevention},
  Year                     = {1985},
  Number                   = {2},
  Pages                    = {179--197},
  Volume                   = {17},

  Publisher                = {Elsevier}
}

@Article{sivak2015road,
  Title                    = {Road safety with self-driving vehicles: General limitations and road sharing with conventional vehicles},
  Author                   = {Sivak, Michael and Schoettle, Brandon},
  Journal                  = {Ann Arbor, MI: University of Michigan Transportation Research Institute},
  Year                     = {2015}
}

